

@online{1,
  org          = {The Numbers},
  year         = {2024},
  title        = {Market Share for Each Genre},
  url          = {https://www.the-numbers.com/market/genres},
  accesseddate = {07/11/2024}
}